<?xml version="1.0" encoding="UTF-8"?><collection xmlns="http://www.loc.gov/MARC21/slim"><record><leader>00378nam--2200145-i-4500</leader><controlfield tag="001">000011124</controlfield><controlfield tag="002">20161230</controlfield><controlfield tag="005">20170225194250</controlfield><controlfield tag="008">060222s1000------------r-----000-0-eng-d</controlfield><datafield ind1=" " ind2=" " tag="100"><subfield code="a">Clifford, Martin</subfield></datafield><datafield ind1=" " ind2=" " tag="245"><subfield code="a">Handbook of electronic tables. 2 ed</subfield></datafield><datafield ind1=" " ind2=" " tag="260"><subfield code="a">Blue Ridge Summit</subfield><subfield code="b">Gl Tab Books</subfield><subfield code="c">1972</subfield></datafield><datafield ind1=" " ind2=" " tag="300"><subfield code="a">224 p</subfield></datafield><datafield ind1=" " ind2=" " tag="852"><subfield code="a">621.38(083.5)</subfield></datafield><datafield ind1=" " ind2=" " tag="CAT"><subfield code="a">SYS</subfield><subfield code="c">20170225</subfield><subfield code="h">194250</subfield></datafield></record></collection>